
%@techreport{,
%	author={},
%	title={{}},
%	year={},
%	institution={}
%}

%@book{,
%	author={},
%	title={{}},
%	year={},
%	institution={}
%}
